<?xml version="1.0" encoding="UTF-8"?><collection xmlns="http://www.loc.gov/MARC21/slim"><record><leader>00564nam--2200193-i-4500</leader><controlfield tag="001">000008184</controlfield><controlfield tag="002">20161230</controlfield><controlfield tag="005">20161230201027</controlfield><controlfield tag="008">060222s1000------------r-----000-0-ger-d</controlfield><datafield ind1=" " ind2=" " tag="040"><subfield code="a">IFIN-HH</subfield></datafield><datafield ind1=" " ind2=" " tag="041"><subfield code="a">ger</subfield></datafield><datafield ind1=" " ind2=" " tag="080"><subfield code="a">53</subfield></datafield><datafield ind1="1" ind2=" " tag="100"><subfield code="a">Luscher, E</subfield></datafield><datafield ind1="1" ind2="0" tag="245"><subfield code="a">Physikertagung 1966 munchen der deutschen und der osterreichischen physilalischen gesellschaft. plenarvortrage teil ii</subfield><subfield code="c">E. luscher, k.-h. riewe</subfield></datafield><datafield ind1=" " ind2=" " tag="260"><subfield code="a">Stuttgart</subfield><subfield code="b">B.G. Teubner</subfield><subfield code="c">1967</subfield></datafield><datafield ind1=" " ind2=" " tag="300"><subfield code="a">/242/+418P</subfield></datafield><datafield ind1="1" ind2=" " tag="700"><subfield code="a">Riewe, K.-h</subfield></datafield><datafield ind1=" " ind2=" " tag="852"><subfield code="a">28157</subfield><subfield code="c">53</subfield></datafield><datafield ind1=" " ind2=" " tag="CAT"><subfield code="a">Sys</subfield><subfield code="c">20150219</subfield><subfield code="h">132859</subfield></datafield></record></collection>